@ARTICLE{Chalmers95facingup,
    author = {David Chalmers},
    title = {Facing up to the problem of consciousness},
    journal = {Journal of Consciousness Studies},
    year = {1995},
    volume = {2},
    pages = {200--219}
}
@article{Dennett2016,
	number = {11-12},
	author = {Daniel Dennett},
	year = {2016},
	volume = {23},
	journal = {Journal of Consciousness Studies},
	pages = {65--72},
	title = {Illusionism as the Obvious Default Theory of Consciousness}
}
@article{Chalmers2020-HCW,
	title = {How Can We Solve the Meta-Problem of Consciousness?},
	pages = {201--226},
	author = {David Chalmers},
	number = {5-6},
	journal = {Journal of Consciousness Studies},
	year = {2020},
	volume = {27}
}
@article{Chalmers2018-MPC,
	volume = {25},
	publisher = {Imprint Academic},
	pages = {6--61},
	year = {2018},
	title = {The Meta-Problem of Consciousness},
	journal = {Journal of Consciousness Studies},
	author = {David Chalmers},
	number = {9-10}
}
@article{Kammerer2019-KAMEID-2,
	number = {9-10},
	title = {Editorial Introduction: Debates on the Meta-Problem of Consciousness},
	volume = {26},
	journal = {Journal of Consciousness Studies},
	author = {F. Kammerer},
	pages = {8--18},
	year = {2019}
}
@article{Dennett2019-WTS,
	title = {Welcome to Strong Illusionism},
	number = {9-10},
	pages = {48--58},
	author = {Daniel Dennett},
	journal = {Journal of Consciousness Studies},
	year = {2019},
	volume = {26}
}
@article{Frankish2019-TMI,
	pages = {83--94},
	year = {2019},
	number = {9-10},
	author = {Keith Frankish},
	volume = {26},
	journal = {Journal of Consciousness Studies},
	title = {The Meta-Problem is The Problem of Consciousness}
}
@article{Miracchi2019-NOT,
	title = {None of These Problems Are That 'Hard'... Or 'Easy': Making Progress on the Problems of Consciousness},
	number = {9-10},
	author = {L. Miracchi},
	volume = {26},
	year = {2019},
	pages = {160--172},
	journal = {Journal of Consciousness Studies}
}