@MISC{cauchyAndGradient,
    author = {Claude Lemar√©chal},
    title = { Cauchy and the Gradient Method},
    year = {2012}
}
@ARTICLE{2019arXiv190303614Z,
       author = {{Zhang}, Jiawei},
        title = "{Gradient Descent based Optimization Algorithms for Deep Learning Models Training}",
      journal = {arXiv e-prints},
     keywords = {Computer Science - Machine Learning, Computer Science - Artificial Intelligence, Statistics - Machine Learning},
         year = 2019,
        month = mar,
          eid = {arXiv:1903.03614},
        pages = {arXiv:1903.03614},
archivePrefix = {arXiv},
       eprint = {1903.03614},
 primaryClass = {cs.LG},
       adsurl = {https://ui.adsabs.harvard.edu/abs/2019arXiv190303614Z},
      adsnote = {Provided by the SAO/NASA Astrophysics Data System}
}
@misc{tibshirani_2013, title={10-725: Optimization}, howpublished="\url{https://www.stat.cmu.edu/~ryantibs/convexopt-F13/scribes/lec6.pdf}", journal={https://www.stat.cmu.edu/~ryantibs/convexopt-F13}, publisher={Carnegie Mellon University}, author={Tibshirani, Ryan}, year={2013}, month={Sep}}
@ARTICLE{2016arXiv160904747R,
       author = {{Ruder}, Sebastian},
        title = "{An overview of gradient descent optimization algorithms}",
      journal = {arXiv e-prints},
     keywords = {Computer Science - Machine Learning},
         year = 2016,
        month = sep,
          eid = {arXiv:1609.04747},
        pages = {arXiv:1609.04747},
archivePrefix = {arXiv},
       eprint = {1609.04747},
 primaryClass = {cs.LG},
       adsurl = {https://ui.adsabs.harvard.edu/abs/2016arXiv160904747R},
      adsnote = {Provided by the SAO/NASA Astrophysics Data System}
}

